@article{bonfim2019integrated, title={Integrated NFV/SDN architectures: A systematic literature review}, author={Bonfim, Michel S and Dias, Kelvin L and Fernandes, Stenio FL}, journal={ACM Computing Surveys (CSUR)}, volume={51}, number={6}, pages={1--39}, year={2019}, publisher={ACM New York, NY, USA}
} 

@inproceedings{li2016survey, title={A survey of network function placement}, author={Li, Xin and Qian, Chen}, 
booktitle={Annual Consumer Communications \& Networking Conference (CCNC)}, pages={948--953}, year={2016}, organization={IEEE}
} 

@inproceedings{cziva2015container, title={Container-based network function virtualization for software-defined networks}, author={Cziva, Richard and Jouet, Simon and White, Kyle JS and Pezaros, Dimitrios P}, booktitle={Symposium on Computers and Communication (ISCC)}, pages={415--420}, year={2015}, organization={IEEE}
} 

@article{laghrissi2018survey, title={A survey on the placement of virtual resources and virtual network functions}, author={Laghrissi, Abdelquoddouss and Taleb, Tarik}, journal={IEEE Communications Surveys \& Tutorials}, volume={21}, number={2}, pages={1409--1434}, year={2018}, publisher={IEEE}
} 

@article{bhamare2017optimal,
  title={Optimal virtual network function placement in multi-cloud service function chaining architecture},
  author={Bhamare, Deval and Samaka, Mohammed and Erbad, Aiman and Jain, Raj and Gupta, Lav and Chan, H Anthony},
  journal={Computer Communications},
  volume={102},
  pages={1--16},
  year={2017},
  publisher={Elsevier}
}

@article{chua2016stringer,
  title={Stringer: Balancing latency and resource usage in service function chain provisioning},
  author={Chua, Freddy C and Ward, Julie and Zhang, Ying and Sharma, Puneet and Huberman, Bernardo A},
  journal={IEEE Internet Computing},
  volume={20},
  number={6},
  pages={22--31},
  year={2016},
  publisher={IEEE}
}

@article{liu2017dynamic,
  title={On dynamic service function chain deployment and readjustment},
  author={Liu, Junjie and Lu, Wei and Zhou, Fen and Lu, Ping and Zhu, Zuqing},
  journal={IEEE Transactions on Network and Service Management},
  volume={14},
  number={3},
  pages={543--553},
  year={2017},
  publisher={IEEE}
}

@article{hantouti2018traffic,
  title={Traffic steering for service function chaining},
  author={Hantouti, Hajar and Benamar, Nabil and Taleb, Tarik and Laghrissi, Abdelquoddous},
  journal={IEEE Communications Surveys \& Tutorials},
  volume={21},
  number={1},
  pages={487--507},
  year={2018},
  publisher={IEEE}
}

@inproceedings{eichholz2018towards,
  title={Towards safe modular composition of network functions},
  author={Eichholz, Matthias and Salvaneschi, Guido and Mezini, Mira},
  booktitle={Conference Companion of the 2nd International Conference on Art, Science, and Engineering of Programming},
  pages={81--86},
  year={2018}
}

@inproceedings{bremler2016openbox,
  title={{OpenBox}: a software-defined framework for developing, deploying, and managing network functions},
  author={Bremler-Barr, Anat and Harchol, Yotam and Hay, David},
  booktitle={ACM SIGCOMM Conference},
  pages={511--524},
  year={2016}
}

@inproceedings{anwer2015programming,
  title={Programming slick network functions},
  author={Anwer, Bilal and Benson, Theophilus and Feamster, Nick and Levin, Dave},
  booktitle={ACM SIGCOMM Symposium on Software Defined Networking Research},
  pages={1--13},
  year={2015}
}


@article{bhamare2016survey,
  title={A survey on service function chaining},
  author={Bhamare, Deval and Jain, Raj and Samaka, Mohammed and Erbad, Aiman},
  journal={Journal of Network and Computer Applications},
  volume={75},
  pages={138--155},
  year={2016},
  publisher={Elsevier}
}

@article{xie2016service,
  title={Service function chaining resource allocation: A survey},
  author={Xie, Yanghao and Liu, Zhixiang and Wang, Sheng and Wang, Yuxiu},
  journal={arXiv preprint arXiv:1608.00095},
  year={2016}
}

@article{li2015software,
  title={Software-defined network function virtualization: A survey},
  author={Li, Yong and Chen, Min},
  journal={IEEE Access},
  volume={3},
  pages={2542--2553},
  year={2015},
  publisher={IEEE}
}

@article{herrera2016resource,
  title={Resource allocation in NFV: A comprehensive survey},
  author={Herrera, Juliver Gil and Botero, Juan Felipe},
  journal={IEEE Transactions on Network and Service Management},
  volume={13},
  number={3},
  pages={518--532},
  year={2016},
  publisher={IEEE}
}

@incollection{halpern2015service,
  title={Service function chaining (sfc) architecture},
  author={Halpern, Joel and Pignataro, Carlos and others},
  booktitle={RFC 7665},
  pages={0--28},
  year={2015},
  publisher={IETF}
}

@article{gasparakis2016evaluating,
  title={Evaluating Dynamic Service Function Chaining for the Gi-LAN},
  author={Gasparakis, J and others},
  journal={White Paper. Intel, Santa Clara, USA},
  year={2016}
}

@inproceedings{castanho2018phantomsfc,
  title={Phantomsfc: A fully virtualized and agnostic service function chaining architecture},
  author={Castanho, Matheus S and Dominicini, Cristina K and Villac{\c{c}}a, Rodolfo S and Martinello, Magnos and Ribeiro, RN Moises},
  booktitle={Symposium on Computers and Communications (ISCC)},
  pages={354--359},
  year={2018},
  organization={IEEE}
}

@article{etsi2018005,
  title={005,“Network functions virtualisation (nfv); ecosystem; report on sdn usage in nfv architectural framework.”},
  author={ETSI, GSNFV},
  journal={Last Accessed: March},
  year={2018}
}

@article{medhat2016service,
  title={Service function chaining in next generation networks: State of the art and research challenges},
  author={Medhat, Ahmed M and Taleb, Tarik and Elmangoush, Asma and Carella, Giuseppe A and Covaci, Stefan and Magedanz, Thomas},
  journal={IEEE Communications Magazine},
  volume={55},
  number={2},
  pages={216--223},
  year={2016},
  publisher={IEEE}
}

@inproceedings{gronsund2015solution,
  title={A solution for SGi-LAN services virtualization using NFV and SDN},
  author={Gr{\o}nsund, P{\aa}l and Mahmood, Kashif and Millstein, Geir and Noy, Ariel and Solomon, Gadi and Sahai, Ajay},
  booktitle={European Conference on Networks and Communications (EuCNC)},
  pages={408--412},
  year={2015},
  organization={IEEE}
}

@inproceedings{turk2019implementation,
  title={An Implementation of Network Service Chaining for SDN-enabled Mobile Packet Data Networks},
  author={Turk, Yekta and Zeydan, Engin},
  booktitle={International Symposium on Networks, Computers and Communications (ISNCC)},
  pages={1--6},
  year={2019},
  organization={IEEE}
}

@article{zhong2018service,
  title={Service function chain orchestration across multiple clouds},
  author={Zhong, Xuxia and Wang, Ying and Qiu, Xuesong},
  journal={China Communications},
  volume={15},
  number={10},
  pages={99--116},
  year={2018},
  publisher={IEEE}
}

@inproceedings{martins2014clickos,
  title={ClickOS and the art of network function virtualization},
  author={Martins, Joao and Ahmed, Mohamed and Raiciu, Costin and Olteanu, Vladimir and Honda, Michio and Bifulco, Roberto and Huici, Felipe},
  booktitle={11th USENIX Symposium on Networked Systems Design and Implementation (NSDI 14)},
  pages={459--473},
  year={2014}
}

@inproceedings{panda2016netbricks,
  title={NetBricks: Taking the V out of {NFV}},
  author={Panda, Aurojit and Han, Sangjin and Jang, Keon and Walls, Melvin and Ratnasamy, Sylvia and Shenker, Scott},
  booktitle={12th USENIX Symposium on Operating Systems Design and Implementation (OSDI 16)},
  pages={203--216},
  year={2016}
}
@inproceedings{medhat2016resilient,
  title={Resilient orchestration of Service Functions Chains in a NFV environment},
  author={Medhat, Ahmed M and Carella, Giuseppe A and Pauls, Michael and Monachesi, Marcello and Corici, Marius and Magedanz, Thomas},
  booktitle={Conference on Network Function Virtualization and Software Defined Networks (NFV-SDN)},
  pages={7--12},
  year={2016},
  organization={IEEE}
}

@inproceedings{bujari2019service,
  title={Service function chaining: A lightweight container-based management and orchestration plane},
  author={Bujari, Armir and Palazzi, Claudio E and Polonio, Davide and Zanella, Marco},
  booktitle={Annual Consumer Communications \& Networking Conference (CCNC)},
  pages={1--4},
  year={2019},
  organization={IEEE}
}

@article{mechtri2017nfv,
  title={NFV orchestration framework addressing SFC challenges},
  author={Mechtri, Marouen and Ghribi, Chaima and Soualah, Oussama and Zeghlache, Djamal},
  journal={IEEE Communications Magazine},
  volume={55},
  number={6},
  pages={16--23},
  year={2017},
  publisher={IEEE}
}

@inproceedings{kouchaksaraei2019service,
  title={Service Function Chaining Across OpenStack and Kubernetes Domains},
  author={Kouchaksaraei, Hadi Razzaghi and Karl, Holger},
  booktitle={Proceedings of the 13th ACM International Conference on Distributed and Event-based Systems},
  pages={240--243},
  year={2019}
}

@article{hantouti2020service,
  title={Service Function Chaining in {5G} and Beyond Networks: Challenges and Open Research Issues},
  author={Hantouti, Hajar and Benamar, Nabil and Taleb, Tarik},
  journal={IEEE Network},
  year={2020},
  publisher={IEEE}
}

@article{nguyen2019openflow,
  title={An {Openflow}-based Scheme for Service Chaining's High Availability in Cloud Network},
  author={Nguyen, Hiep Binh and Dinh, N-T and Oh, Jaewook and Kim, Younghan},
  journal={International Conference on ICT Convergence},
  year={2019},
  publisher={Institute of Electrical and Electronics Engineers Inc.}
}

@inproceedings{dab2020efficient,
  title={An Efficient Traffic Steering for Cloud-Native Service Function Chaining},
  author={Dab, Boutheina and Fajjari, Ilhem and Rohon, Mathieu and Auboin, Cyril and Diqu{\'e}lou, Arnaud},
  booktitle={23rd Conference on Innovation in Clouds, Internet and Networks and Workshops (ICIN)},
  pages={71--78},
  year={2020},
  organization={IEEE}
}

@inproceedings{kang2020demonstration,
  title={Demonstration of Network Service Header Based Service Function Chain Application with Function Allocation Model},
  author={Kang, Rui and He, Fujun and Sato, Takehiro and Oki, Eiji},
  booktitle={IEEE/IFIP Network Operations and Management Symposium (NOMS)},
  pages={1--2},
  year={2020},
  organization={IEEE}
}

@inproceedings{kang2019virtual,
  title={Virtual network function allocation to maximize continuous available time of service function chains},
  author={Kang, Rui and He, Fujun and Sato, Takehiro and Oki, Eiji},
  booktitle={International Conference on Cloud Networking (CloudNet)},
  pages={1--6},
  year={2019},
  organization={IEEE}
}

@article{mafioletti2020piaffe,
  title={PIaFFE: A Place-as-you-go In-network Framework for Flexible Embedding of VNFs},
  author={Mafioletti, Diego Rossi and Dominicini, Christina Klippel and Martinello, Magnos and Ribeiro, RN Moises and Villaca, Rodolfo da Silva},
  journal={IEEE International Conference on Communications},
  year={2020}
}
@article{kohler2000click,
  title={The Click modular router},
  author={Kohler, Eddie and Morris, Robert and Chen, Benjie and Jannotti, John and Kaashoek, M Frans},
  journal={ACM Transactions on Computer Systems (TOCS)},
  volume={18},
  number={3},
  pages={263--297},
  year={2000},
  publisher={ACM New York, NY, USA}
}

@incollection{quinn2018network,
  title={Network service header (NSH)},
  author={Quinn, Paul and Elzur, Uri and Pignataro, Carlos},
  booktitle={RFC 8300},
  pages={0--40},
  year={2018},
  publisher={RFC Editor}
}

@inproceedings{cziva2018dynamic,
  title={Dynamic, latency-optimal VNF placement at the network edge},
  author={Cziva, Richard and Anagnostopoulos, Christos and Pezaros, Dimitrios P},
  booktitle={INFOCOM},
  pages={693--701},
  year={2018},
  organization={IEEE}
}
@inproceedings{wang2018improving,
  title={Improving Quality of Experience of Service-Chain Deployment for Multiple Users},
  author={Wang, I-Chih and Wen, Charles H-P and Chao, H Jonathan},
  booktitle={IEEE/ACM 26th International Symposium on Quality of Service (IWQoS)},
  pages={1--6},
  year={2018},
  organization={IEEE}
}

@inproceedings{herbaut2016deploying,
  title={Deploying a content delivery service function chain on an {SDN-NFV} operator infrastructure},
  author={Herbaut, Nicolas and Negru, Daniel and Magoni, Damien and Frangoudis, Pantelis A},
  booktitle={International Conference on Telecommunications and Multimedia (TEMU)},
  pages={1--7},
  year={2016},
  organization={IEEE}
}

@inproceedings{sun2016sla,
  title={Sla-nfv: an sla-aware high performance framework for network function virtualization},
  author={Sun, Chen and Bi, Jun and Zheng, Zhilong and Hu, Hongxin},
  booktitle={ACM SIGCOMM Conference},
  pages={581--582},
  year={2016}
}

@inproceedings{kouchaksaraei2018pishahang,
  title={Pishahang: Joint orchestration of network function chains and distributed cloud applications},
  author={Kouchaksaraei, Hadi Razzaghi and Dierich, Tobias and Karl, Holger},
  booktitle={Conference on Network Softwarization and Workshops (NetSoft)},
  pages={344--346},
  year={2018},
  organization={IEEE}
}

@inproceedings{qing2017virtual,
  title={Virtual network protection strategy to ensure the reliability of SFC in NFV},
  author={Qing, Han and Weifei, Zang and Julong, Lan},
  booktitle={Proceedings of the 6th International Conference on Information Engineering},
  pages={1--5},
  year={2017}
}

@techreport{etsi2013network,
  title={Network functions virtualisation ({NFV}): Architectural framework},
  institution={ETSI},
  number={ETSI GS NFV 002},
  year={2013}
}

@inproceedings{katsikas2018metron,
  title={Metron: {NFV} Service Chains at the True Speed of the Underlying Hardware},
  author={Katsikas, Georgios P and Barbette, Tom and Kostic, Dejan and Steinert, Rebecca and Maguire Jr, Gerald Q},
  booktitle={{USENIX} Symposium on Networked Systems Design and Implementation ({NSDI})},
  pages={171--186},
  year={2018}
}

@article{yang2020recent,
  title={Recent Advances of Resource Allocation in Network Function Virtualization},
  author={Yang, Song and Li, Fan and Trajanovski, Stojan and Yahyapour, Ramin and Fu, Xiaoming},
  journal={IEEE Transactions on Parallel and Distributed Systems},
  volume={32},
  number={2},
  pages={295--314},
  year={2020},
  publisher={IEEE}
}


@inproceedings{koponen2014network,
    title={Network virtualization in multi-tenant datacenters},
    author = {Teemu Koponen and Keith Amidon and Peter Balland and Martin Casado and Anupam Chanda and Bryan Fulton and Igor Ganichev and Jesse Gross and Paul Ingram and Ethan Jackson and Andrew Lambeth and Romain Lenglet and Shih-Hao Li and Amar Padmanabhan and Justin Pettit and Ben Pfaff and Rajiv Ramanathan and Scott Shenker and Alan Shieh and Jeremy Stribling and Pankaj Thakkar and Dan Wendlandt and Alexander Yip and Ronghua Zhang},
    booktitle={11th {USENIX} Symposium on Networked Systems Design and Implementation ({NSDI} 14)},
    pages={203--216},
    year={2014},
}

@techreport{sherry2012survey,
  title={A survey of enterprise middlebox deployments},
  author={Sherry, Justine and Ratnasamy, Sylvia},
  year={2012},
  month=feb,
  institution={University of California at Berkeley},
  number={UCB/EECS-2012-24},
  @url={http://www.eecs.berkeley.edu/Pubs/TechRpts/2012/EECS-2012-24.html},
}

@inproceedings{hajji2018dynamic,
  title={Dynamic network function chain composition for mitigating network latency},
  author={Hajji, Wajdi and Genez, Thiago AL and Tso, Fung Po and Cui, Lin and Phillips, Iain},
  booktitle={Symposium on Computers and Communications (ISCC)},
  pages={00316--00321},
  year={2018},
  organization={IEEE}
}

@article{kulkarni2020nfvnice,
  title={NFVnice: Dynamic Backpressure and Scheduling for NFV Service Chains},
  author={Kulkarni, Sameer G and Zhang, Wei and Hwang, Jinho and Rajagopalan, Shriram and Ramakrishnan, KK and Wood, Timothy and Arumaithurai, Mayutan and Fu, Xiaoming},
  journal={IEEE/ACM Transactions on Networking},
  volume={28},
  number={2},
  pages={639--652},
  year={2020},
  publisher={IEEE}
}

@inproceedings{lombardo2015open,
  title={An open framework to enable {NetFATE} (Network Functions at the edge)},
  author={Lombardo, Alfio and Manzalini, Antonio and Schembra, Giovanni and Faraci, Giuseppe and Rametta, Corrado and Riccobene, Vincenzo},
  booktitle={Conference on Network Softwarization (NetSoft)},
  pages={1--6},
  year={2015},
  organization={IEEE}
}

@article{shojafar2019recent,
  title={Recent advances in cloud data centers toward fog data centers},
  author={Shojafar, Mohammad and Pooranian, Zahra and Sookhak, Mehdi and Buyya, Rajkumar},
  journal={Concurrency and Computation: Practice and Experience},
  volume={31},
  number={8},
  pages={e5164},
  year={2019},
  publisher={Wiley Online Library}
}

@inproceedings{chai2019parallel,
  title={A Parallel Placement Approach for Service Function Chain Using Deep Reinforcement Learning},
  author={Chai, Hua and Zhang, Jiao and Wang, Zenan and Shi, Jiaming and Huang, Tao},
  booktitle={International Conference on Computer and Communications (ICCC)},
  pages={2123--2128},
  year={2019},
  organization={IEEE}
}

@inproceedings{laghrissi2017towards,
  title={Towards edge slicing: {VNF} placement algorithms for a dynamic \& realistic edge cloud environment},
  author={Laghrissi, Abdelquoddouss and Taleb, Tarik and Bagaa, Miloud and Flinck, Hannu},
  booktitle={Global Communications Conference (GLOBECOM)},
  pages={1--6},
  year={2017},
  organization={IEEE}
}

@inproceedings{jackson2016softflow,
    title = {{SoftFlow}: A Middlebox Architecture for {Open vSwitch}},
  author={Jackson, Ethan J and Walls, Melvin and Panda, Aurojit and Pettit, Justin and Pfaff, Ben and Rajahalme, Jarno and Koponen, Teemu and Shenker, Scott},
  booktitle={{USENIX} Annual Technical Conference (ATC 16)},
  pages={15--28},
  year={2016}
}

@phdthesis{cziva2018towards,
  title={Towards lightweight, low-latency network function virtualisation at the network edge},
  author={Cziva, Richard},
  year={2018},
  school={University of Glasgow}
}

@misc{li88service,
  title={Service Function Chaining Use Cases},
  author={Li, Hongyu},
  publisher={IETF}
}

@techreport{brown2015service,
  title={Service chaining in carrier networks},
  author={Brown, Gabriel},
  institution={Heavy Reading},
  year={2015},
  month=feb,
  @url={https://www.qosmos.com/wp-content/uploads/Service-Chaining-in-Carrier-Networks_WP_Heavy-Reading_Qosmos_Feb2015.pdf},
}

@inproceedings{basta2014applying,
  title={Applying NFV and SDN to LTE mobile core gateways, the functions placement problem},
  author={Basta, Arsany and Kellerer, Wolfgang and Hoffmann, Marco and Morper, Hans Jochen and Hoffmann, Klaus},
  booktitle={Proceedings of the 4th workshop on All things cellular: operations, applications, \& challenges},
  pages={33--38},
  year={2014}
}

@inproceedings{van2019building,
  title={Building Hybrid Virtual Network Functions with eXpress Data Path},
  author={Van Tu, Nguyen and Yoo, Jae-Hyoung and Hong, James Won-Ki},
  booktitle={15th International Conference on Network and Service Management (CNSM)},
  pages={1--9},
  year={2019},
  organization={IEEE}
}

@article{niu2016benchmarking,
  title={Benchmarking {NFV} software dataplanes},
  author={Niu, Zhixiong and Xu, Hong and Tian, Yongqiang and Liu, Libin and Wang, Peng and Li, Zhenhua},
  journal={arXiv preprint arXiv:1605.05843},
  year={2016}
}

@inproceedings{pfaff2015design,
  title={The design and implementation of {Open vSwitch}},
  author={Pfaff, Ben and Pettit, Justin and Koponen, Teemu and Jackson, Ethan and Zhou, Andy and Rajahalme, Jarno and Gross, Jesse and Wang, Alex and Stringer, Joe and Shelar, Pravin and others},
  booktitle={12th {USENIX} Symposium on Networked Systems Design and Implementation ({NSDI} 15)},
  pages={117--130},
  year={2015}
}

@inproceedings{pettit2014stateful,
  title={Stateful connection tracking \& Stateful NAT},
  author={Pettit, Justin and Graf, Thomas},
  booktitle={Open vSwitch Fall Conference},
  year={2014}
}

@inproceedings{pitaev2018characterizing,
  title={Characterizing the performance of concurrent virtualized network functions with {OVS-DPDK, FD.IO VPP and SR-IOV}},
  author={Pitaev, Nikolai and Falkner, Matthias and Leivadeas, Aris and Lambadaris, Ioannis},
  booktitle={ACM/SPEC International Conference on Performance Engineering (ICPE)},
  pages={285--292},
  year={2018}
}

@inproceedings{falkner2016performance,
  title={Performance analysis of virtualized network functions on virtualized systems architectures},
  author={Falkner, Matthias and Leivadeas, Aris and Lambadaris, Ioannis and Kesidis, George},
  booktitle={International Workshop on Computer Aided Modelling and Design of Communication Links and Networks (CAMAD)},
  pages={71--76},
  year={2016},
  organization={IEEE}
}

@inproceedings{zhang2019comparing,
  title={Comparing the performance of state-of-the-art software switches for {NFV}},
  author={Zhang, Tianzhu and Linguaglossa, Leonardo and Gallo, Massimo and Giaccone, Paolo and Iannone, Luigi and Roberts, James},
  booktitle={International Conference on Emerging Networking Experiments And Technologies (CoNEXT)},
  pages={68--81},
  year={2019}
}

@inproceedings{gedia2018performance,
  title={Performance evaluation of {SDN-VNF} in virtual machine and container},
  author={Gedia, Dewang and Perigo, Levi},
  booktitle={Conference on Network Function Virtualization and Software Defined Networks (NFV-SDN)},
  year={2018},
  organization={IEEE}
}

@inproceedings{hoiland2018express,
  title={The express data path: Fast programmable packet processing in the operating system kernel},
  author={H{\o}iland-J{\o}rgensen, Toke and Brouer, Jesper Dangaard and Borkmann, Daniel and Fastabend, John and Herbert, Tom and Ahern, David and Miller, David},
  booktitle={Proceedings of the 14th International Conference on Emerging Networking EXperiments and Technologies (CoNEXT)},
  pages={54--66},
  year={2018}
}

@inproceedings{bianco2010openflow,
  title={{OpenFlow Switching}: Data plane performance},
  author={Bianco, Andrea and Birke, Robert and Giraudo, Luca and Palacin, Manuel},
  booktitle={International Conference on Communications (ICC)},
  year={2010},
  organization={IEEE}
}

@inproceedings{thimmaraju2018taking,
  title={Taking control of sdn-based cloud systems via the data plane},
  author={Thimmaraju, Kashyap and Shastry, Bhargava and Fiebig, Tobias and Hetzelt, Felicitas and Seifert, Jean-Pierre and Feldmann, Anja and Schmid, Stefan},
  booktitle={Proceedings of the Symposium on SDN Research},
  pages={1--15},
  year={2018}
}


@article{pfaff10open,
  title={Open {vSwitch} manual},
  author={Pfaff, B},
  journal={Manual, Open vSwitch,[Accessed 10 October, 2015]}
}

@misc{cooper2019local,
  title={Local service chaining with virtual machines and virtualized containers in software defined networking},
  author={Cooper, Trevor and Skerry, Brian J},
  year={2019},
  month=apr # "~16",
  publisher={Google Patents},
  note={US Patent 10,261,814}
}

@book{chirammal2016mastering,
  title={Mastering KVM virtualization},
  author={Chirammal, Humble Devassy and Mukhedkar, Prasad and Vettathu, Anil},
  year={2016},
  publisher={Packt Publishing Ltd}
}

@inproceedings{binu2011virtualization,
  title={Virtualization techniques: a methodical review of XEN and KVM},
  author={Binu, A and Kumar, G Santhosh},
  booktitle={International Conference on Advances in Computing and Communications},
  pages={399--410},
  year={2011},
  organization={Springer}
}

@misc{wray2012network,
  title={Network virtualization},
  author={Wray, Michael John and Dalton, Christopher Ian},
  year={2012},
  month=jul # "~17",
  publisher={Google Patents},
  note={US Patent 8,223,770}
}

@article{kirkpatrick2013software,
  title={Software-defined networking},
  author={Kirkpatrick, Keith},
  journal={Communications of the ACM},
  volume={56},
  number={9},
  pages={16--19},
  year={2013},
  publisher={ACM New York, NY, USA}
}

@article{kreutz2014software,
  title={Software-defined networking: A comprehensive survey},
  author={Kreutz, Diego and Ramos, Fernando MV and Verissimo, Paulo Esteves and Rothenberg, Christian Esteve and Azodolmolky, Siamak and Uhlig, Steve},
  journal={Proceedings of the IEEE},
  volume={103},
  number={1},
  pages={14--76},
  year={2014},
  publisher={Ieee}
}

@inproceedings{he2019toward,
  title={Toward Consistent State Management of Adaptive Programmable Networks Based on {P4}},
  author={He, Mu and Blenk, Andreas and Kellerer, Wolfgang and Schmid, Stefan},
  booktitle={ACM SIGCOMM Workshop on Networking for Emerging Applications and Technologies},
  pages={29--35},
  year={2019}
}

@article{bosshart2014p4,
    title={P4: Programming protocol-independent packet processors},
    author = {Bosshart, Pat and Daly, Dan and Gibb, Glen and Izzard, Martin and McKeown, Nick and Rexford, Jennifer and Schlesinger, Cole and Talayco, Dan and Vahdat, Amin and Varghese, George and Walker, David},  journal={ACM SIGCOMM Computer Communication Review},
    volume={44},
    number={3},
    pages={87--95},
    year={2014},
    publisher={ACM New York, NY, USA}
}

@article{wood2015toward,
  title={Toward a software-based network: integrating software defined networking and network function virtualization},
  author={Wood, Timothy and Ramakrishnan, KK and Hwang, Jinho and Liu, Grace and Zhang, Wei},
  journal={IEEE Network},
  volume={29},
  number={3},
  pages={36--41},
  year={2015},
  publisher={IEEE}
}

@inproceedings{kfoury2020offloading,
  title={Offloading media traffic to programmable data plane switches},
  author={Kfoury, Elie F and Crichigno, Jorge and Bou-Harb, Elias},
  booktitle={International Conference on Communications (ICC)},
  pages={1--7},
  year={2020},
  organization={IEEE}
}

@inproceedings{bifulco2018survey,
  title={A survey on the programmable data plane: Abstractions, architectures, and open problems},
  author={Bifulco, Roberto and R{\'e}tv{\'a}ri, G{\'a}bor},
  booktitle={International Conference on High Performance Switching and Routing (HPSR)},
  pages={1--7},
  year={2018},
  organization={IEEE}
}

@inproceedings{katta2016hula,
  title={Hula: Scalable load balancing using programmable data planes},
  author={Katta, Naga and Hira, Mukesh and Kim, Changhoon and Sivaraman, Anirudh and Rexford, Jennifer},
  booktitle={Proceedings of the Symposium on SDN Research},
  pages={1--12},
  year={2016}
}

@inproceedings{paolino2015snabbswitch,
  title={SnabbSwitch user space virtual switch benchmark and performance optimization for NFV},
  author={Paolino, Michele and Nikolaev, Nikolay and Fanguede, Jeremy and Raho, Daniel},
  booktitle={Conference on Network Function Virtualization and Software Defined Network (NFV-SDN)},
  pages={86--92},
  year={2015},
  organization={IEEE}
}

@inproceedings{rizzo2012vale,
  title={Vale, a switched ethernet for virtual machines},
  author={Rizzo, Luigi and Lettieri, Giuseppe},
  booktitle={Proceedings of the 8th International conference on Emerging Networking Experiments and technologies (CoNEXT)},
  pages={61--72},
  year={2012}
}

@misc{sundaram2005measuring,
  title={Measuring network jitter on application packet flows},
  author={Sundaram, Rajesh and Kaniyar, Sanjay N},
  year={2005},
  month=aug # "~9",
  publisher={Google Patents},
  note={US Patent 6,928,473}
}



@inproceedings{10.1145/3317550.3321439,
author = {Ports, Dan R. K. and Nelson, Jacob},
title = {When Should The Network Be The Computer?},
year = {2019},
isbn = {9781450367271},
publisher = {Association for Computing Machinery},
address = {New York, NY, USA},
url = {https://doi.org/10.1145/3317550.3321439},
doi = {10.1145/3317550.3321439},
abstract = {Researchers have repurposed programmable network devices to place small amounts of application computation in the network, sometimes yielding orders-of-magnitude performance gains. At the same time, effectively using these devices requires careful use of limited resources and managing deployment challenges.This paper provides a framework for principled use of in-network processing. We provide a set of guidelines for building robust and deployable in-network primives, along with a taxonomy to help identify which applications can benefit from in-network processing and what types of devices they should use.},
booktitle = {Proceedings of the Workshop on Hot Topics in Operating Systems},
pages = {209–215},
numpages = {7},
keywords = {smart NICs, programmable switches, in-network computation, reconfigurable devices},
location = {Bertinoro, Italy},
series = {HotOS '19}
}

@inproceedings{zhang2016opennetvm,
  title={{OpenNetVM}: A platform for high performance network service chains},
  author={Zhang, Wei and Liu, Guyue and Zhang, Wenhui and Shah, Neel and Lopreiato, Phillip and Todeschi, Gregoire and Ramakrishnan, KK and Wood, Timothy},
  booktitle={Workshop on Hot topics in Middleboxes and Network Function Virtualization},
  pages={26--31},
  year={2016}
}

@inproceedings{raumer2016efficient,
  title={Efficient serving of VPN endpoints on COTS server hardware},
  author={Raumer, Daniel and Gallenm{\"u}ller, Sebastian and Emmerich, Paul and M{\"a}rdian, Lukas and Carle, Georg},
  booktitle={International Conference on Cloud Networking (Cloudnet)},
  pages={164--169},
  year={2016},
  organization={IEEE}
}

@techreport{carpenter2002middleboxes,
  title={Middleboxes: Taxonomy and issues},
  author={Carpenter, Brian and Brim, Scott},
  year={2002},
  institution={RFC 3234, February}
}

@inproceedings{lan2016embark,
  title={Embark: Securely outsourcing middleboxes to the cloud},
  author={Lan, Chang and Sherry, Justine and Popa, Raluca Ada and Ratnasamy, Sylvia and Liu, Zhi},
  booktitle={13th USENIX Symposium on Networked Systems Design and Implementation (NSDI 16)},
  pages={255--273},
  year={2016}
}

@article{bi2016supporting,
  title={Supporting virtualized network functions with stateful data plane abstraction},
  author={Bi, Jun and Zhu, Shuyong and Sun, Chen and Yao, Guang and Hu, Hongxin},
  journal={IEEE Network},
  volume={30},
  number={3},
  pages={40--45},
  year={2016},
  publisher={IEEE}
}

@article{kurek2019unikernel,
  title={Unikernel Network Functions: A Journey Beyond the Containers},
  author={Kurek, Tytus},
  journal={IEEE Communications Magazine},
  volume={57},
  number={12},
  pages={15--19},
  year={2019},
  publisher={IEEE}
}

@inproceedings{cerrato2014supporting,
  title={Supporting fine-grained network functions through Intel DPDK},
  author={Cerrato, Ivano and Annarumma, Mauro and Risso, Fulvio},
  booktitle={Third European Workshop on Software Defined Networks},
  pages={1--6},
  year={2014},
  organization={IEEE}
}

@inproceedings{kablan2017stateless,
  title={Stateless network functions: Breaking the tight coupling of state and processing},
  author={Kablan, Murad and Alsudais, Azzam and Keller, Eric and Le, Franck},
  booktitle={14th USENIX Symposium on Networked Systems Design and Implementation (NSDI 17)},
  pages={97--112},
  year={2017}
}

@article{pozza2021flexstate,
  title={FlexState: Flexible State Management of Network Functions},
  author={Pozza, Matteo and Rao, Ashwin and Lugones, Diego F and Tarkoma, Sasu},
  journal={IEEE Access},
  pages={1--1},
  year={2021},
  publisher={IEEE-INST ELECTRICAL ELECTRONICS ENGINEERS INC}
}


@article{katsikas2016snf,
  title={SNF: Synthesizing high performance NFV service chains},
  author={Katsikas, Georgios P and Enguehard, Marcel and Ku{\'z}niar, Maciej and Maguire Jr, Gerald Q and Kosti{\'c}, Dejan},
  journal={PeerJ Computer Science},
  volume={2},
  pages={e98},
  year={2016},
  publisher={PeerJ Inc.}
}

@inproceedings{ventre2016performance,
  title={Performance evaluation and tuning of virtual infrastructure managers for (micro) virtual network functions},
  author={Ventre, Pier Luigi and Pisa, Claudio and Salsano, Stefano and Siracusano, Giuseppe and Schmidt, Florian and Lungaroni, Paolo and Blefari-Melazzi, Nicola},
  booktitle={Conference on Network Function Virtualization and Software Defined Networks (NFV-SDN)},
  pages={141--147},
  year={2016},
  organization={IEEE}
}

@inproceedings{nirmala2014wan,
  title={Wan optimization tools, techniques and research issues for cloud-based big data analytics},
  author={Nirmala, M Baby},
  booktitle={World Congress on Computing and Communication Technologies},
  pages={280--285},
  year={2014},
  organization={IEEE}
}

@inproceedings{kulkarni2018reinforce,
  title={Reinforce: Achieving efficient failure resiliency for network function virtualization based services},
  author={Kulkarni, Sameer G and Liu, Guyue and Ramakrishnan, KK and Arumaithurai, Mayutan and Wood, Timothy and Fu, Xiaoming},
  booktitle={Proceedings of the 14th International Conference on Emerging Networking EXperiments and Technologies (CoNEXT)},
  pages={41--53},
  year={2018}
}

@article{simpson2020seidhr,
  title={Sei{\dh}r: Dataplane Assisted Flow Classification Using ML},
  author={Simpson, Kyle A and Cziva, Richard and Pezaros, Dimitrios P},
  year={2020}
}

@article{caprolu2019fortress,
  title={Fortress: an efficient and distributed firewall for stateful data plane sdn},
  author={Caprolu, Maurantonio and Raponi, Simone and Di Pietro, Roberto},
  journal={Security and Communication Networks},
  volume={2019},
  year={2019},
  publisher={Hindawi}
}

@article{sherry2012making,
  title={Making middleboxes someone else's problem: Network processing as a cloud service},
  author={Sherry, Justine and Hasan, Shaddi and Scott, Colin and Krishnamurthy, Arvind and Ratnasamy, Sylvia and Sekar, Vyas},
  journal={ACM SIGCOMM Computer Communication Review},
  volume={42},
  number={4},
  pages={13--24},
  year={2012},
  publisher={ACM New York, NY, USA}
}

@inproceedings{perino2014caesar,
  title={Caesar: A content router for high-speed forwarding on content names},
  author={Perino, Diego and Varvello, Matteo and Linguaglossa, Leonardo and Laufer, Rafael and Boislaigue, Roger},
  booktitle={ACM/IEEE Symposium on Architectures for Networking and Communications Systems (ANCS)},
  pages={137--148},
  year={2014}
}

@article{han2010packetshader,
  title={PacketShader: a GPU-accelerated software router},
  author={Han, Sangjin and Jang, Keon and Park, KyoungSoo and Moon, Sue},
  journal={ACM SIGCOMM Computer Communication Review},
  volume={40},
  number={4},
  pages={195--206},
  year={2010},
  publisher={ACM New York, NY, USA}
}

@inproceedings{behravesh2019performance,
  title={Performance evaluation on virtualization technologies for nfv deployment in 5g networks},
  author={Behravesh, Rasoul and Coronado, Estefan{\'\i}a and Riggio, Roberto},
  booktitle={Conference on Network Softwarization (NetSoft)},
  pages={24--29},
  year={2019},
  organization={IEEE}
}

@article{qureshi2022network,
  title={Network functions virtualization for mobile core and heterogeneous cellular networks},
  author={Qureshi, Kashif Naseer and Ahmad, Ejaz and Anwar, Muhammad and Ghafoor, Kayhan Zrar and Jeon, Gwanggil},
  journal={Wireless Personal Communications},
  volume={122},
  number={3},
  pages={2543--2559},
  year={2022},
  publisher={Springer}
}

@article{chen2022automatic,
  title={Automatic Performance-Optimal Offloading of Network Functions on Programmable Switches},
  author={Chen, Xiang and Liu, Hongyan and Zhang, Dong and Meng, Zili and Huang, Qun and Zhou, Haifeng and Wu, Chunming and Liu, Xuan and Yang, Qiang},
  journal={IEEE Transactions on Cloud Computing},
  year={2022},
  publisher={IEEE},
  doi={10.1109/TCC.2022.3149817},
}

@article{adoga2022network,
  title={Network Function Virtualization and Service Function Chaining Frameworks: A Comprehensive Review of Requirements, Objectives, Implementations, and Open Research Challenges},
  author={Adoga, Haruna Umar and Pezaros, Dimitrios P},
  journal={Future Internet},
  volume={14},
  number={2},
  pages={59},
  year={2022},
  publisher={Multidisciplinary Digital Publishing Institute}
}

@inproceedings{asquini2021etsi,
  title={An {ETSI NFV} Implementation for Automatic Deployment and Configuration of a Virtualized Mobile Core Network},
  author={Asquini, Francesco and Bujari, Armir and Munaretto, Daniele and Palazzi, Claudio E and Ronzani, Daniele},
  booktitle={International Conference on Wireless and Mobile Computing, Networking and Communications (WiMob)},
  pages={357--362},
  year={2021},
  organization={IEEE}
}

@inproceedings{monir2021implementation,
  title={Implementation of a Click Based IDS on SDN-NFV Architecture and Performance Evaluation},
  author={Monir, Md Fahad and Uddin, Ryhan and Pan, Dan},
  booktitle={International Black Sea Conference on Communications and Networking (BlackSeaCom)},
  pages={1--6},
  year={2021},
  organization={IEEE}
}

@inproceedings{tu2021revisiting,
  title={Revisiting the Open {vSwitch} Dataplane Ten Years Later},
  author={Tu, William and Wei, Yi-Hung and Antichi, Gianni and Pfaff, Ben},
  booktitle={ACM SIGCOMM Conference},
  pages={245--257},
  year={2021}
}

@inproceedings{huang2021novel,
  title={A Novel Resource Reliability-Aware Infrastructure Manager for Containerized Network Functions},
  author={Huang, Zhuonan and Samaan, Nancy and Karmouch, Ahmed},
  booktitle={International Conference on Communications (ICC)},
  year={2021},
  organization={IEEE}
}

@article{saxena2022ofp,
  title={{OFP-TM}: an online {VM} failure prediction and tolerance model towards high availability of cloud computing environments},
  author={Saxena, Deepika and Singh, Ashutosh Kumar},
  journal={The Journal of Supercomputing},
  pages={1--22},
  year={2022},
  publisher={Springer}
}

@article{wang2022performance,
  title={Performance and isolation analysis of RunC, gVisor and Kata Containers runtimes},
  author={Wang, Xingyu and Du, Junzhao and Liu, Hui},
  journal={Cluster Computing},
  pages={1--17},
  year={2022},
  publisher={Springer}
}

@article{he2022joint,
  title={Joint optimization of Service Chain Graph Design and Mapping in NFV-enabled networks},
  author={He, Yexiao and Zhang, Xiaoning and Xia, Zixiang and Liu, Yutao and Sood, Keshav and Yu, Shui},
  journal={Computer Networks},
  volume={202},
  pages={108626},
  year={2022},
  publisher={Elsevier}
}
